@book{sommerville2005ingenieria,
  title={Ingenier{\'\i}a del software},
  author={Sommerville, Ian},
  year={2005},
  publisher={Pearson educaci{\'o}n}
}
@article{canos2012metodologias,
  title={Metodolog{\'\i}as {\'a}giles en el desarrollo de software},
  author={Can{\'o}s, Jos{\'e} H and Letelier, M{\textordfeminine} Carmen Penad{\'e}s Patricio},
  year={2012}
}
@book{fuentes2015desarrollo,
  title={Desarrollo de Software {\'A}GIL: Extreme Programming y Scrum},
  author={Fuentes, Jos{\'e} Rub{\'e}n La{\'\i}nez},
  year={2015},
  publisher={IT Campus Academy}
}
@article{beck1999embracing,
  title={Embracing change with extreme programming},
  author={Beck, Kent},
  journal={Computer},
  volume={32},
  number={10},
  pages={70--77},
  year={1999},
  publisher={IEEE}
}
@book{pressman2005ingenieria,
  title={Ingenier{\'\i}a del Software: Un enfoque pr{\'a}ctico},
  author={Pressman, Roger S},
  year={2005},
  publisher={McGraw-Hill Interamericana,}
}
@article{sparks2000introduccion,
  title={Una introduccion al UML},
  author={Sparks, Geoffrey},
  journal={El Modelo L{\'o}gico. Recuperado de: http://www. sparxsystems. com. es/downloads/whitepapers/El\_Modelo\_Logico. pdf},
  year={2000}
}
@article{jacobson2000lenguaje,
  title={El lenguaje unificado de modelado},
  author={Jacobson, Ivar and Booch, Grady and Rumbaugh, James},
  journal={Manual de Referencia},
  year={2000}
}
@article{chiesa2004metodologia,
  title={Metodolog{\'\i}a para selecci{\'o}n de sistemas ERP},
  author={Chiesa, Florencia},
  journal={Reportes t{\'e}cnicos en ingenier{\'\i}a del software},
  volume={6},
  number={1},
  pages={17--37},
  year={2004}
}
@book{burgues2014aprende,
  title={Aprende a modelar aplicaciones con UML},
  author={Burgu{\'e}s, Juli{\'a}n Esteban Gracia},
  year={2014},
  publisher={IT Campus Academy}
}
@article{alarcon2000diseno,
  title={Dise{\~n}o orientado a objetos con UML},
  author={Alarc{\'o}n, Ra{\'u}l},
  journal={Grupo Eidos},
  year={2000}
}
@article{gil2003representacion,
  title={Representaci{\'o}n de la arquitectura de software usando UML},
  author={Gil, Sandra Victoria Hurtado},
  year={2003}
}